@article{金芝2019寻找软件开发的,
  title={寻找软件开发的 “银弹”},
  author={金芝 and 张伟 and 马晓星 and 陈雨亭},
  journal={科技纵览},
  number={5},
  pages={72--75},
  year={2019}
}
@article{赵龙2013基于,
  title={基于 Hive 的海量搜索日志分析系统研究},
  author={赵龙 and 江荣安},
  journal={计算机应用研究},
  volume={30},
  number={11},
  pages={3343--3345},
  year={2013}
}
@article{孙文隽1999并行,
  title={并行 B\^{}+-tree 的存储结构及其操作},
  author={孙文隽},
  journal={黑龙江大学自然科学学报},
  volume={16},
  number={2},
  pages={47--50},
  year={1999}
}
@article{郑榕增2010基于,
  title={基于 Lucene 的中文倒排索引技术的研究},
  author={郑榕增 and 林世平},
  journal={计算机技术与发展},
  volume={20},
  number={3},
  pages={80--83},
  year={2010}
}
@article{陆庆2003消息队列中间件系统中消息队列与消息分发技术研究,
  title={消息队列中间件系统中消息队列与消息分发技术研究},
  author={陆庆 and 周世杰 and 秦志光 and 刘锦德},
  journal={计算机应用研究},
  volume={20},
  number={8},
  pages={51--53},
  year={2003}
}
@article{许贤慧2022面向工程数据检索的,
  title={面向工程数据检索的 ElasticSearch 索引优化策略},
  author={许贤慧 and 王淑营 and 曾文驱},
  journal={计算机与现代化},
  number={02},
  pages={79},
  year={2022}
}
@article{高翔2022基于,
  title={基于 Clickhouse 的大数据对比分析应用案例},
  author={高翔},
  journal={电子技术},
  volume={51},
  number={5},
  pages={31--35},
  year={2022}
}
@article{吴加禹2020一种读写均衡的高性能键值存储系统,
  title={一种读写均衡的高性能键值存储系统},
  author={吴加禹 and 李永坤 and 许胤龙},
  journal={中国科学技术大学学报},
  volume={50},
  number={6},
  pages={825},
  year={2020}
}
@article{王海涛2019一种基于,
  title={一种基于 LSM 树的键值存储系统性能优化方法},
  author={王海涛 and 李战怀 and 张晓 and 赵晓南},
  journal={计算机研究与发展},
  volume={56},
  number={8},
  pages={1792--1802},
  year={2019}
}
@article{田翠珍2016基于,
  title={基于 Thrift 框架 RPC 的研究与实现},
  author={田翠珍},
  journal={信息与电脑},
  number={1},
  pages={83--84},
  year={2016}
}
@article{阳慧2004lru,
  title={LRU 算法的研究及实现},
  author={阳慧},
  journal={计算机时代},
  number={2},
  pages={28--29},
  year={2004}
}

@article{魏钧宇2023数据模式感知的低成本云日志存储系统,
  title={数据模式感知的低成本云日志存储系统},
  author={魏钧宇 and 张广艳 and 陈军超},
  journal={计算机研究与发展},
  volume={60},
  number={11},
  pages={2442--2452},
  year={2023}
}

@article{张永勐2022基于用户大数据分析的物联网家电质量改善方法研究,
  title={基于用户大数据分析的物联网家电质量改善方法研究},
  author={张永勐 and 李红伟 and 周荣培 and 潘伟},
  journal={家电科技},
  number={3},
  pages={114--119},
  year={2022}
}

@article{严霄凤2013大数据研究,
  title={大数据研究},
  author={严霄凤 and 张德馨},
  journal={计算机技术与发展},
  volume={23},
  number={4},
  pages={168--172},
  year={2013}
}

@article{寇雅楠2003基于,
  title={基于 Java 的网络管理系统的可扩展性研究},
  author={寇雅楠 and 廖志钢 and 李增智},
  journal={小型微型计算机系统},
  volume={24},
  number={1},
  pages={17--19},
  year={2003}
}

@article{肖国栋2009基于易用性的人机界面评价,
  title={基于易用性的人机界面评价},
  author={肖国栋 and 李晓 and 肖铭},
  journal={西南师范大学学报: 自然科学版},
  volume={34},
  number={3},
  pages={98--102},
  year={2009}
}

@article{kruchten19954+,
  title={The 4+ 1 view model of architecture},
  author={Kruchten, Philippe B},
  journal={IEEE software},
  volume={12},
  number={6},
  pages={42--50},
  year={1995},
  publisher={IEEE}
}

@inproceedings{qian2010evaluation,
  title={An evaluation of Lucene for keywords search in large-scale short text storage},
  author={Qian, Liping and Wang, Lidong},
  booktitle={2010 International Conference On Computer Design and Applications},
  volume={2},
  pages={V2--206},
  year={2010},
  organization={IEEE}
}

@article{江金生2020基于卷积自编码器的地震数据处理,
  title={基于卷积自编码器的地震数据处理},
  author={江金生 and 任浩然 and 李瀚野},
  journal={浙江大学学报: 工学版},
  volume={54},
  number={5},
  pages={978--984},
  year={2020}
}

@article{杨晓晖2019基于多粒度级联孤立森林算法的异常检测模型,
  title={基于多粒度级联孤立森林算法的异常检测模型},
  author={杨晓晖 and 张圣昌},
  journal={Journal on Communication/Tongxin Xuebao},
  volume={40},
  number={8},
  year={2019}
}

@article{赵洪山2019应用深度自编码网络和,
  title={应用深度自编码网络和 XGBoost 的风电机组发电机故障诊断},
  author={赵洪山 and 闫西慧 and 王桂兰 and 尹相龙},
  journal={电力系统自动化},
  volume={43},
  number={1},
  pages={81--86},
  year={2019}
}

@article{费嘉2014浅析,
  title={浅析 QoS 中的令牌桶算法},
  author={费嘉},
  journal={邮电设计技术},
  number={6},
  pages={54--57},
  year={2014}
}

@article{王攀峰2009并行复算,
  title={并行复算: 一种面向高性能计算的新的容错方法},
  author={王攀峰 and 杜云飞 and 富弘毅 and 杨学军 and 周海芳},
  journal={计算机科学},
  volume={36},
  number={3},
  pages={21--25},
  year={2009}
}

@article{李磊2019基于李雅普诺夫优化的容器云队列在线任务和资源调度设计,
  title={基于李雅普诺夫优化的容器云队列在线任务和资源调度设计},
  author={李磊 and 薛洋 and 吕念玲 and 冯敏},
  journal={计算机应用},
  volume={39},
  number={2},
  pages={494--500},
  year={2019}
}

@article{赖歆2016基于,
  title={基于 Redis 的分布式锁的实现方案},
  author={赖歆},
  journal={信息通信},
  number={10},
  pages={83--84},
  year={2016}
}

@article{王叶群2012一种时效性约束的二进制指数退避算法,
  title={一种时效性约束的二进制指数退避算法},
  author={王叶群 and 黄国策 and 张衡阳 and 郑博 and 景渊},
  journal={计算机科学},
  volume={39},
  number={4},
  pages={56--59},
  year={2012}
}

@article{吴颖豪2019一种改进的云存储数据完整性验证方法,
  title={一种改进的云存储数据完整性验证方法},
  author={吴颖豪 and 凌捷},
  journal={计算机工程},
  volume={45},
  number={3},
  pages={36--40},
  year={2019}
}

@article{许海洋2011分布式事务两阶段提交协议的实现方法研究,
  title={分布式事务两阶段提交协议的实现方法研究},
  author={许海洋 and 李登道},
  journal={信息技术与信息化},
  number={2},
  pages={72--75},
  year={2011}
}

@article{pop2014designing,
  title={Designing an MVC model for rapid web application development},
  author={Pop, Dragos-Paul and Altar, Adam},
  journal={Procedia Engineering},
  volume={69},
  pages={1172--1179},
  year={2014},
  publisher={Elsevier}
}

@article{樊书华2019一种基于流媒体压缩算法的高性能集群监控系统,
  title={一种基于流媒体压缩算法的高性能集群监控系统},
  author={樊书华 and 王鹏 and 汪卫},
  journal={计算机应用与软件},
  volume={36},
  number={11},
  pages={25--31},
  year={2019}
}

@article{王伟2013rpci,
  title={RPCI: 面向互联网的 RPC 框架},
  author={王伟 and 余利华},
  journal={计算机工程与应用},
  volume={49},
  number={21},
  pages={106--110},
  year={2013}
}

@article{李栋2015基于计量管理信息平台的高性能计算系统与数据存储系统分离技术的研究,
  title={基于计量管理信息平台的高性能计算系统与数据存储系统分离技术的研究},
  author={李栋},
  journal={科技资讯},
  number={20},
  pages={7--7},
  year={2015}
}

@article{吴金坛2020大数据计算与存储分离技术实验分析,
  title={大数据计算与存储分离技术实验分析},
  author={吴金坛 and 章超 and 李树楠},
  journal={电脑知识与技术: 学术版},
  volume={16},
  number={27},
  pages={24--27},
  year={2020}
}

@article{mohsin2011faster,
  title={Faster case retrieval using hash indexing technique},
  author={Mohsin, Mohamad Farhan Mohamad and Manaf, Maznie and Norwawi, Norita Md and Wahab, MHA},
  journal={International Journal of Artificial Intelligence and Expert Systems (IJAE)},
  volume={2},
  number={2},
  pages={81--95},
  year={2011}
}

@inproceedings{wei2020optimization,
  title={An optimization method for elasticsearch index shard number},
  author={Wei, Bizhong and Dai, Jian and Deng, Liqiang and Huang, Haiyan},
  booktitle={2020 16th International Conference on Computational Intelligence and Security (CIS)},
  pages={191--195},
  year={2020},
  organization={IEEE}
}

@inproceedings{wu2019performance,
  title={Performance prediction for the apache kafka messaging system},
  author={Wu, Han and Shang, Zhihao and Wolter, Katinka},
  booktitle={2019 IEEE 21st International Conference on High Performance Computing and Communications; IEEE 17th International Conference on Smart City; IEEE 5th International Conference on Data Science and Systems (HPCC/SmartCity/DSS)},
  pages={154--161},
  year={2019},
  organization={IEEE}
}

@article{ghomi2017load,
  title={Load-balancing algorithms in cloud computing: A survey},
  author={Ghomi, Einollah Jafarnejad and Rahmani, Amir Masoud and Qader, Nooruldeen Nasih},
  journal={Journal of Network and Computer Applications},
  volume={88},
  pages={50--71},
  year={2017},
  publisher={Elsevier}
}

@inproceedings{patel2014towards,
  title={Towards in-order and exactly-once delivery using hierarchical distributed message queues},
  author={Patel, Dharmit and Khasib, Faraj and Sadooghi, Iman and Raicu, Ioan},
  booktitle={2014 14th IEEE/ACM International Symposium on Cluster, Cloud and Grid Computing},
  pages={883--892},
  year={2014},
  organization={IEEE}
}

@article{hasanin2019severely,
  title={Severely imbalanced big data challenges: investigating data sampling approaches},
  author={Hasanin, Tawfiq and Khoshgoftaar, Taghi M and Leevy, Joffrey L and Bauder, Richard A},
  journal={Journal of Big Data},
  volume={6},
  number={1},
  pages={1--25},
  year={2019},
  publisher={Springer}
}

@article{jesus2014survey,
  title={A survey of distributed data aggregation algorithms},
  author={Jesus, Paulo and Baquero, Carlos and Almeida, Paulo S{\'e}rgio},
  journal={IEEE Communications Surveys \& Tutorials},
  volume={17},
  number={1},
  pages={381--404},
  year={2014},
  publisher={IEEE}
}


